@article{doshi2017towards, 
  title={Towards a rigorous science of interpretable machine learning}, 
  author={Doshi-Velez, Finale and Kim, Been}, 
  journal={arXiv preprint arXiv:1702.08608}, 
  year={2017} 
} 

@article{silver2016mastering, 
  title={Mastering the game of Go with deep neural networks and tree search}, 
  author={Silver, David and Huang, Aja and Maddison, Chris J and Guez, Arthur and Sifre, Laurent and Van Den Driessche, George and Schrittwieser, Julian and Antonoglou, Ioannis and Panneershelvam, Veda and Lanctot, Marc and others}, 
  journal={nature}, 
  volume={529}, 
  number={7587}, 
  pages={484--489}, 
  year={2016}, 
  publisher={Nature Publishing Group} 
} 

@book{zaki2014data, 
  title={Data mining and analysis: fundamental concepts and algorithms}, 
  author={Zaki, Mohammed J and Meira, Wagner}, 
  year={2014}, 
  publisher={Cambridge University Press} 
} 

@article{mikut2011data, 
  title={Data mining tools}, 
  author={Mikut, Ralf and Reischl, Markus}, 
  journal={Wiley interdisciplinary reviews: data mining and knowledge discovery}, 
  volume={1}, 
  number={5}, 
  pages={431--443}, 
  year={2011}, 
  publisher={Wiley Online Library} 
} 

@phdthesis{proencca2021robust, 
  title={Robust rules for prediction and description}, 
  author={Proen{\c{c}}a, Hugo Manuel}, 
  year={2021}, 
  school={PhD thesis, Leiden University, https://hdl. handle. net/1887/3220882} 
} 

@book{grunwald2007minimum, 
  title={The minimum description length principle}, 
  author={Gr{\"u}nwald, Peter D}, 
  year={2007}, 
  publisher={MIT press} 
} 

@article{caldiera1994goal, 
  title={The goal question metric approach}, 
  author={Caldiera, Victor R Basili1 Gianluigi and Rombach, H Dieter}, 
  journal={Encyclopedia of software engineering}, 
  pages={528--532}, 
  year={1994} 
} 

@inproceedings{bay2003mining, 

  title={Mining distance-based outliers in near linear time with randomization and a simple pruning rule}, 

  author={Bay, Stephen D and Schwabacher, Mark}, 

  booktitle={Proceedings of the ninth ACM SIGKDD international conference on Knowledge discovery and data mining}, 

  pages={29--38}, 

  year={2003} 

} 

@article{luna2019frequent, 
  title={Frequent itemset mining: A 25 years review}, 
  author={Luna, Jos{\'e} Mar{\'\i}a and Fournier-Viger, Philippe and Ventura, Sebasti{\'a}n}, 
  journal={Wiley Interdisciplinary Reviews: Data Mining and Knowledge Discovery}, 
  volume={9}, 
  number={6}, 
  pages={e1329}, 
  year={2019}, 
  publisher={Wiley Online Library}
}

@article{lucchese2004mining, 
  title={Mining frequent closed itemsets without duplicates generation}, 
  author={Lucchese, Claudio and Orlando, Salvatore and Perego, Raffaele}, 
  journal={ISTI-CNR Technical Report}, 
  volume={13}, 
  year={2004} 
} 

@article{grahne2005fast, 
  title={Fast algorithms for frequent itemset mining using fp-trees}, 
  author={Grahne, G{\"o}sta and Zhu, Jianfei}, 
  journal={IEEE transactions on knowledge and data engineering}, 
  volume={17}, 
  number={10}, 
  pages={1347--1362}, 
  year={2005}, 
  publisher={IEEE} 
} 

@article{webb2013efficient, 
  title={Efficient discovery of the most interesting associations}, 
  author={Webb, Geoffrey I and Vreeken, Jilles}, 
  journal={ACM Transactions on Knowledge Discovery from Data (TKDD)}, 
  volume={8}, 
  number={3}, 
  pages={1--31}, 
  year={2013}, 
  publisher={ACM New York, NY, USA} 
} 

@inproceedings{fournier2014fhm, 
  title={FHM: Faster high-utility itemset mining using estimated utility co-occurrence pruning}, 
  author={Fournier-Viger, Philippe and Wu, Cheng-Wei and Zida, Souleymane and Tseng, Vincent S}, 
  booktitle={Foundations of Intelligent Systems: 21st International Symposium, ISMIS 2014, Roskilde, Denmark, June 25-27, 2014. Proceedings 21}, 
  pages={83--92}, 
  year={2014}, 
  organization={Springer} 
}

@article{sommerville2011software,
  title={Software engineering (ed.)},
  author={Sommerville, Ian},
  journal={America: Pearson Education Inc},
  year={2011}
}

@article{nwagu2017knowledge,
  title={Knowledge Discovery in Databases (KDD): an overview},
  author={Nwagu, Chikezie Kenneth and Omankwu, Obinnaya Chinecherem and Inyiama, Hycient},
  journal={Int J Comput Sci Inf Secur (IJCSIS)},
  volume={15},
  number={12},
  pages={13--16},
  year={2017}
}
@misc{ wiki:lift,
  author = {{Lift (data mining)}},
  title = "Lift (data mining) --- {W}ikipedia{,} The Free Encyclopedia",
  year = "2024",
  url = "https://en.wikipedia.org/wiki/Lift_(data_mining)",
  note = "[Online; acessado 17-Julho-2024]"
}

@misc{ wiki:cornubacao,
  author = {{Conurbação}},
  title = "Conurbação --- {W}ikipedia{,} The Free Encyclopedia",
  year = "2024",
  url = "https://pt.wikipedia.org/wiki/Conurba%C3%A7%C3%A3o",
  note = "[Online; acessado 17-Julho-2024]"
}

@misc{ SPMF,
  author = {Fournier-Viger, Philippe},
  title = "SPMF An Open-Source Data Mining Library",
  year = "2024",
  url = "https://www.philippe-fournier-viger.com/spmf/",
  note = "[Online; acessado 17-Julho-2024]"
}
@inproceedings{meeng2011flexible,
  title={Flexible enrichment with cortana--software demo},
  author={Meeng, Marvin and Knobbe, Arno},
  booktitle={Proceedings of BeneLearn},
  pages={117--119},
  year={2011}
}

@inproceedings{fournier2014fhn,
  title={FHN: efficient mining of high-utility itemsets with negative unit profits},
  author={Fournier-Viger, Philippe},
  booktitle={Advanced Data Mining and Applications: 10th International Conference, ADMA 2014, Guilin, China, December 19-21, 2014. Proceedings 10},
  pages={16--29},
  year={2014},
  organization={Springer}
}

@article{dos2019sapucai,
  title={Sapuca{\'\i} Street: entertainment hub and commercial gentrification in Belo Horizonte},
  author={dos Santos Veloso, Clarissa and Teixeira de Andrade, Luciana},
  journal={International Journal of the Sociology of Leisure},
  volume={2},
  pages={43--61},
  year={2019},
  publisher={Springer}
}
@mastersthesis{solla2019resistencia,
  title={Resist{\^e}ncia {\`a} gentrifica{\c{c}}{\~a}o?: Estudo de Caso do Bairro Bonfim em Belo Horizonte},
  author={Solla, Lawrence Faria Starling},
  year={2019},
  school={Universidade Federal de Minas Gerais},
}
@article{andrade2020urban,
  title={URBAN POLICIES, MOBILITY AND GENTRIFICATION IN TWO NEIGHBOURHOODS OF BELO HORIZONTE 1},
  author={Andrade, Luciana Teixeira de and Mendon{\c{c}}a, Jupira Gomes de},
  journal={Sociologia \& Antropologia},
  volume={10},
  pages={561--586},
  year={2020},
  publisher={SciELO Brasil}
}
@article{atzmueller2015subgroup,
  title={Subgroup discovery},
  author={Atzmueller, Martin},
  journal={Wiley Interdisciplinary Reviews: Data Mining and Knowledge Discovery},
  volume={5},
  number={1},
  pages={35--49},
  year={2015},
  publisher={Wiley Online Library}
}